<record><leader>00000cas a2200000 a 4500</leader><controlfield tag="001">31041380</controlfield><controlfield tag="007">hd bfu---baat</controlfield><controlfield tag="007">hd afu---bact</controlfield><controlfield tag="008">940901d18711898nbuwr nea     0    0eng c</controlfield><datafield ind1=" " ind2=" " tag="010"><subfield code="a">sn 94056219 </subfield></datafield><datafield ind1=" " ind2=" " tag="040"><subfield code="a">NVG</subfield><subfield code="b">eng</subfield><subfield code="c">NVG</subfield><subfield code="d">OCL</subfield><subfield code="d">OCLCQ</subfield><subfield code="d">OCLCF</subfield><subfield code="d">OCLCO</subfield></datafield><datafield ind1="1" ind2=" " tag="029"><subfield code="a">AU@</subfield><subfield code="b">000011281082</subfield></datafield><datafield ind1=" " ind2=" " tag="042"><subfield code="a">pcc</subfield></datafield><datafield ind1=" " ind2=" " tag="043"><subfield code="a">n-us-nb</subfield></datafield><datafield ind1="0" ind2="0" tag="245"><subfield code="a">Omaha excelsior</subfield><subfield code="h">[microform].</subfield></datafield><datafield ind1=" " ind2=" " tag="260"><subfield code="a">Omaha, Neb. :</subfield><subfield code="b">Clement Chase</subfield></datafield><datafield ind1=" " ind2=" " tag="300"><subfield code="a">v. :</subfield><subfield code="b">ill. ;</subfield><subfield code="c">56 cm.</subfield></datafield><datafield ind1=" " ind2=" " tag="310"><subfield code="a">Weekly,</subfield><subfield code="b">1884-1898</subfield></datafield><datafield ind1=" " ind2=" " tag="321"><subfield code="a">Monthly,</subfield><subfield code="b">1871-1877</subfield></datafield><datafield ind1="1" ind2=" " tag="362"><subfield code="a">Began with Sept. 1, 1871.</subfield></datafield><datafield ind1="0" ind2=" " tag="362"><subfield code="a">-v. 19, no. 50 (Aug. 27, 1898).</subfield></datafield><datafield ind1=" " ind2=" " tag="500"><subfield code="a">Published 1871-1877 as "an amateur paper devoted to the interests of girls and boys."</subfield></datafield><datafield ind1=" " ind2=" " tag="515"><subfield code="a">Suspended in 1877; resumed in 1884 as a weekly society paper.</subfield></datafield><datafield ind1=" " ind2=" " tag="515"><subfield code="a">Issues for 1884-&lt;1890&gt; carry old series, new series and whole numbering. Beginning with &lt;v. 13, no. 1 (Sept. 5, 1891)&gt;, designation changed to reflect total years of publication.</subfield></datafield><datafield ind1=" " ind2=" " tag="588"><subfield code="a">Description based on: Vol. 4, no. 11 (July 1875).</subfield></datafield><datafield ind1=" " ind2=" " tag="533"><subfield code="a">Microfilm.</subfield><subfield code="m">1875-1898:[Lacks 1877,1888-1890]</subfield><subfield code="b">Lincoln, Neb. :</subfield><subfield code="c">Nebraska State Historical Society,</subfield><subfield code="d">1977.</subfield><subfield code="e">13 microfilm reels ; 35 mm.</subfield></datafield><datafield ind1=" " ind2="0" tag="651"><subfield code="a">Omaha (Neb.)</subfield><subfield code="v">Newspapers.</subfield></datafield><datafield ind1=" " ind2="0" tag="650"><subfield code="a">Press, Juvenile</subfield><subfield code="z">Nebraska</subfield><subfield code="z">Omaha.</subfield></datafield><datafield ind1=" " ind2="7" tag="655"><subfield code="a">Newspapers.</subfield><subfield code="2">fast</subfield><subfield code="0">(OCoLC)fst01423814</subfield></datafield><datafield ind1=" " ind2="7" tag="650"><subfield code="a">Press, Juvenile.</subfield><subfield code="2">fast</subfield><subfield code="0">(OCoLC)fst01075907</subfield></datafield><datafield ind1=" " ind2="7" tag="651"><subfield code="a">Nebraska</subfield><subfield code="z">Omaha.</subfield><subfield code="2">fast</subfield><subfield code="0">(OCoLC)fst01204995</subfield></datafield><datafield ind1=" " ind2=" " tag="752"><subfield code="a">United States</subfield><subfield code="b">Nebraska</subfield><subfield code="c">Douglas</subfield><subfield code="d">Omaha.</subfield></datafield><datafield ind1="1" ind2=" " tag="776"><subfield code="c">Original</subfield><subfield code="w">(DLC)sn 86063445</subfield></datafield><datafield ind1="0" ind2="0" tag="785"><subfield code="t">Excelsior (Omaha, Neb. : 1898)</subfield><subfield code="w">(DLC)sn 94056216</subfield></datafield></record>